<record><leader>00000cas a2200000 a 4500</leader><controlfield tag="001">40950871</controlfield><controlfield tag="008">990312d18uu1uuumiuwr n       0    0eng c</controlfield><datafield ind1=" " ind2=" " tag="010"><subfield code="a">sn 99065152 </subfield></datafield><datafield ind1=" " ind2=" " tag="040"><subfield code="a">MHN</subfield><subfield code="b">eng</subfield><subfield code="c">MHN</subfield><subfield code="d">OCL</subfield><subfield code="d">MHN</subfield><subfield code="d">OCLCQ</subfield><subfield code="d">OCLCO</subfield></datafield><datafield ind1="1" ind2=" " tag="029"><subfield code="a">AU@</subfield><subfield code="b">000020041843</subfield></datafield><datafield ind1=" " ind2=" " tag="042"><subfield code="a">pcc</subfield></datafield><datafield ind1=" " ind2=" " tag="043"><subfield code="a">n-us-mi</subfield></datafield><datafield ind1="0" ind2=" " tag="130"><subfield code="a">Inter-lake (Vernon, Mich.)</subfield></datafield><datafield ind1="1" ind2="4" tag="245"><subfield code="a">The inter-lake.</subfield></datafield><datafield ind1="3" ind2=" " tag="246"><subfield code="a">Interlake</subfield></datafield><datafield ind1=" " ind2=" " tag="260"><subfield code="a">Vernon, Mich. :</subfield><subfield code="b">D.W. Hammond</subfield></datafield><datafield ind1=" " ind2=" " tag="300"><subfield code="a">v.</subfield></datafield><datafield ind1=" " ind2=" " tag="310"><subfield code="a">Weekly</subfield></datafield><datafield ind1=" " ind2=" " tag="588"><subfield code="a">Description based on: Vol. 6, no. 12 (Mar.. 1, 1889).</subfield></datafield><datafield ind1=" " ind2="0" tag="651"><subfield code="a">Vernon (Mich.)</subfield><subfield code="v">Newspapers.</subfield></datafield><datafield ind1=" " ind2="0" tag="651"><subfield code="a">Shiawassee County (Mich.)</subfield><subfield code="v">Newspapers.</subfield></datafield><datafield ind1=" " ind2=" " tag="752"><subfield code="a">United States</subfield><subfield code="b">Michigan</subfield><subfield code="c">Shiawassee</subfield><subfield code="d">Vernon.</subfield></datafield><datafield ind1="0" ind2="0" tag="780"><subfield code="t">Vernon inter-lake</subfield><subfield code="w">(DLC)  2002062265</subfield><subfield code="w">(OCoLC)51238289</subfield></datafield></record>